@inproceedings{origin,
  author    = {unknown},
  title     = {THU Beamer Theme},
  year      = {2015},
  url       = {http://far.tooold.cn/post/latex/beamertsinghua},
}