% Encoding: UTF-8

@Book{Computer_Organization_and_Design_riscv,
  author    = {David A. Patterson},
  publisher = {Morgan Kaufmann},
  title     = {Computer Organization and Design RISC-V Edition:The Hardware Software Interface(1st Edition )},
  year      = {2017},
  pages     = {267-321},
}

@Online{BusyBear,
  author       = {michaeljclark},
  howpublished = {Website},
  month        = {Fri},
  title        = {busybear-linux},
  url          = {https://github.com/michaeljclark/busybear-linux},
  year         = {2021},
}

@Online{CS61c,
  author       = {Berkeley},
  howpublished = {Website},
  title        = {{Machine Structures}},
  url          = {https://www-inst.eecs.berkeley.edu/~cs61c/archives.html},
}

@Online{Gentoo_AMD64_Handbook,
  author       = {gentoo.org},
  howpublished = {Website},
  title        = {{Gentoo AMD64 Handbook}},
  url          = {https://wiki.gentoo.org/wiki/Handbook:AMD64},
  year         = {2021-3-13},
}

@Online{Operating_System_Risc-V,
  author       = {向勇，陈渝},
  howpublished = {Website},
  title        = {{操作系统(RISC-V)}},
  url          = {\url{https://www.xuetangx.com/course/THU08091000267/5883104}},
  year         = {2020},
}

@Online{Dropbear,
  author       = {Dropbear},
  howpublished = {Website},
  title        = {Dropbear SSH},
  url          = {https://matt.ucc.asn.au/dropbear/dropbear.html},
  year         = {2020-10-29},
}

@Online{操作系统先修课,
  author       = {杨秉学},
  howpublished = {Website},
  timestamp    = {2020-05-12},
  title        = {操作系统先修课},
  url          = {https://mp.weixin.qq.com/s/aHUlbZY4mnAhppYzMFyQlQ},
}

@Online{KVM安装与配置,
  author       = {杨秉学},
  howpublished = {Website},
  title        = {KVM安装与配置},
  url          = {https://mp.weixin.qq.com/s/5cMsDUIn0yZJhSV-gh3aBw},
  year         = {2019-07-12},
}

@Online{riscv-dejagnu,
  author       = {GNU},
  howpublished = {Website},
  title        = {riscv-dejagnu},
  url          = {https://github.com/riscv/riscv-dejagnu},
  year         = {2018-01-12},
}

@Online{完善Kernel——内存管理,
  author       = {杨秉学},
  howpublished = {Website},
  title        = {完善Kernel——内存管理},
  url          = {https://mp.weixin.qq.com/s/gsJHbHAOYCmMlKNyjT3JJg},
  year         = {2020-05-21},
}

@Online{完善Kernel——进程管理,
  author       = {杨秉学},
  howpublished = {Website},
  title        = {完善Kernel——进程管理},
  url          = {https://mp.weixin.qq.com/s/FohCAgjYStoyf8i71I3sAA},
  year         = {2020-05-21},
}

@Online{完善Kernel——文件管理,
  author       = {杨秉学},
  howpublished = {Website},
  timestamp    = {2020-05-21},
  title        = {完善Kernel——文件管理},
  url          = {https://mp.weixin.qq.com/s/LrUCJdQqflONUA7MH4pRFQ},
}

@Online{完善Kernel——用户接口实现交互,
  author       = {杨秉学},
  howpublished = {Website},
  title        = {完善Kernel——用户接口实现交互},
  url          = {https://mp.weixin.qq.com/s/plk1r9pTokIL2QDV5HH45w},
}

@Online{用软件工程的方式完成操作系统课设——制作一个操作系统,
  author       = {杨秉学},
  howpublished = {Website},
  title        = {用软件工程的方式完成操作系统课设——制作一个操作系统},
  url          = {\url{https://www.bilibili.com/video/BV1W741147co/} First Finish Fri 10, 2020},
}

@Article{基于RISC-V的计算机系统综合实验设计,
  author  = {孙卫真，刘雪松，朱威浦，向勇},
  journal = {计算机工程与设计},
  title   = {基于RISC-V的计算机系统综合实验设计},
  year    = {2021},
  month   = apr,
  number  = {04},
  pages   = {1159-1165},
  volume  = {42},
}

@Online{Risc-V_development,
  author       = {ELEXCON深圳国际电子展},
  howpublished = {Website},
  title        = {关于RISC-V发展现状与应用分析和介绍},
  url          = {http://www.elecfans.com/d/1011473.html},
  year         = {2019-10-24},
}

@Online{Wikipedia_Virtualization,
  author = {Wikipedia},
  title  = {Virtualization},
  url    = {https://en.jinzhao.wiki/wiki/Virtualization},
  year   = {2004-01-15},
}

@Online{GentooQemu,
  author       = {gentoo.org},
  howpublished = {Website},
  title        = {{Gentoo Qemu}},
  url          = {https://wiki.gentoo.org/wiki/QEMU},
  year         = {2021-01-26},
}

@Online{从按下电源开始的一场接力赛,
  author       = {杨秉学},
  howpublished = {Website},
  title        = {从按下电源开始的一场接力赛},
  url          = {https://mp.weixin.qq.com/s/GJczyEAya7v5Yg_rLW6vHg},
  year         = {2020-05-20},
}

@Online{第一次安装配置Gentoo,
  author       = {杨秉学},
  howpublished = {Website},
  title        = {第一次安装配置Gentoo},
  url          = {https://www.bilibili.com/video/BV1ny4y1i7G6},
  year         = {2020-12-28},
}

@Online{完善Kernel——输入输出管理,
  author       = {杨秉学},
  howpublished = {Website},
  timestamp    = {2020-5-21},
  title        = {完善Kernel——输入输出管理},
  url          = {https://mp.weixin.qq.com/s/bnDucPp3mp6GesJ6RuEzcg},
}

@Online{riscv-pk,
  author       = {GNU},
  howpublished = {Website},
  title        = {riscv-pk},
  url          = {https://github.com/riscv/riscv-pk},
  year         = {2020-12-16},
}

@Online{riscv-binutils-gdb,
  author       = {GNU},
  howpublished = {Website},
  title        = {riscv-binutils-gdb},
  url          = {https://github.com/riscv/riscv-binutils-gdb},
  year         = {2021-02-06},
}

@Online{riscv-gnu-toolchain,
  author       = {GNU},
  howpublished = {Website},
  title        = {riscv-gnu-toolchain},
  url          = {https://github.com/riscv/riscv-gnu-toolchain},
  year         = {2021-03-26},
}

@Online{Intel_VMX,
  author       = {Intel},
  howpublished = {Website},
  title        = {Intel® 64 and IA-32 Architectures Software Developer’s Manual Combined Volumes: 1, 2A, 2B, 2C, 2D, 3A, 3B, 3C, 3D, and 4},
  url          = {https://software.intel.com/content/www/us/en/develop/download/intel-64-and-ia-32-architectures-sdm-combined-volumes-1-2a-2b-2c-2d-3a-3b-3c-3d-and-4.html},
  year         = {2021-04-02},
}

@Online{riscv-glibc,
  author       = {GNU},
  howpublished = {Website},
  title        = {riscv-glibc},
  url          = {https://github.com/riscv/riscv-glibc},
  year         = {2021-05-20},
}

@Online{riscv-gcc,
  author       = {GNU},
  howpublished = {Website},
  title        = {riscv-gcc},
  url          = {https://github.com/riscv/riscv-gcc},
  year         = {2021-04-06},
}

@Online{Computer_Organization_and_Design_ZJU,
  author       = {刘鹏},
  howpublished = {Website},
  title        = {计算机组成与设计：RISC-V},
  url          = {https://www.icourse163.org/course/HIT-1452997167},
  year         = {2020-09-16},
}

@Online{busybox,
  author       = {busybox},
  howpublished = {Website},
  title        = {busybox},
  url          = {https://busybox.net/},
  year         = {2021-03-03},
}

@Online{riscv-newlib,
  author       = {GNU},
  howpublished = {Website},
  title        = {riscv-newlib},
  url          = {{https://github.com/riscv/riscv-newlib}},
  year         = {2020-04-05},
}

@Comment{jabref-meta: databaseType:bibtex;}

[1]孙卫真,刘雪松,朱威浦,向勇.基于RISC-V的计算机系统综合实验设计[J].计算机工程与设计,2021,42(04):1159-1165.
